%%%%%%%%%%%%%%%%%%%%%Xuan Ban%%%%%%%%%%%%%%%%%%%%%%

@article{elmore1948transient,
  title={The transient response of damped linear networks with particular regard to wideband amplifiers},
  author={Elmore, WC},
  journal={Journal of applied physics},
  volume={19},
  number={1},
  pages={55--63},
  year={1948},
  publisher={AIP Publishing}
}