
%%%%%%%%%%%%%% picoMIPS %%%%%%%%%%%%%%%%%%%%%
@article{chan:2001:rivalry,
  title={{Rivalry through alliances:: Competitive Strategy in the Global Telecommunications Market}},
  author={Chan-Olmsted, Sylvia and Jamison, Mark},
  journal={European Management Journal},
  volume={19},
  number={3},
  pages={317--331},
  year={2001},
  publisher={Elsevier}
}


@techreport{gantumur:2007:mergers,
  title={Mergers \& acquisitions and innovation performance in the telecommunications equipment industry},
  author={Gantumur, Tseveen and Stephan, Andreas},
  year={2007},
  institution={{SFB} 649 discussion paper}
}

@book{mux,
  title={Digital Design Principles and Practices,The fourth edition},
  author={Tidd, Joe and Bessant, John},
  year={2013},
  publisher={Prentice Hall division of Pearson Education, ISBN 0-13-186389-4}
}

@ELECTRONIC{affine,
  title = {Affine transformation},
  author = {Hazewinkel, Michiel, ed},
  howpublished = {\url{http://www.encyclopediaofmath.org/index.php/Affine_transformation}},
  institution = { Encyclopedia of Mathematics, ISBN 978-1-55608-010-4},
  year = {2001}
}

@ELECTRONIC{oldarcdigram,
  title = {Simple decoder and CPU test},
  author = {Tom Kazmierski},
  howpublished = {\url{https://secure.ecs.soton.ac.uk/notes/elec6016/tjk1314/5cpu1.pdf}},
  institution = {Southampton ECS},
  year = {2014}
}

@ELECTRONIC{slowcounter,
  title = {Clock divider: counter.sv},
  author = {Tom Kazmierski},
  howpublished = {\url{https://secure.ecs.soton.ac.uk/notes/elec6016/tjk1314/assignment/counter.sv}},
  institution = {Southampton ECS},
  note = {Accessed: 2014-04-28}
}

%%%%%%%%%%%%%%%%%%%%%%%%%%%%%%%%%%%%%%%%%%%

%%%%%%%%%%%%%%%% Intel References %%%%%%%%%%%%%%%
%% 1-to-5 %%
@article{gawer:2007:platform,
  title={{Platform owner entry and innovation in complementary markets: Evidence from Intel}},
  author={Gawer, Annabelle and Henderson, Rebecca},
  journal={Journal of Economics \& Management Strategy},
  volume={16},
  number={1},
  pages={1--34},
  year={2007},
  publisher={Wiley Online Library}
}

@article{hiremane:2005:moore,
  title={{From Moore’s law to Intel innovation—prediction to reality}},
  author={Hiremane, Radhakrishna},
  journal={Technology},
  volume={1},
  year={2005}
}

@book{chesbrough:2003:open,
  title={{Open innovation: The new imperative for creating and profiting from technology}},
  author={Chesbrough, Henry William},
  year={2003},
  publisher={Harvard Business Press}
}

@article{west:2006:challenges,
  title={Challenges of open innovation: the paradox of firm investment in open-source software},
  author={West, Joel and Gallagher, Scott},
  journal={R\&D Management},
  volume={36},
  number={3},
  pages={319--331},
  year={2006},
  publisher={Wiley Online Library}
}

@article{damanpour:1991:organizational,
  title={{Organizational innovation: A meta-analysis of effects of determinants and moderators}},
  author={Damanpour, Fariborz},
  journal={Academy of management journal},
  volume={34},
  number={3},
  pages={555--590},
  year={1991},
  publisher={Academy of Management}
}

%% 6-to-11 %%
@article{perrons:2009:open,
  title={{The open kimono: How Intel balances trust and power to maintain platform leadership}},
  author={Perrons, Robert K},
  journal={Research Policy},
  volume={38},
  number={8},
  pages={1300--1312},
  year={2009},
  publisher={Elsevier}
}

@article{tristram:2003:reinventing,
  title={{Reinventing the Transistor-Hewlett-Packard is betting that it can build computers whose functionality rests on the workings of individual molecules. It's blue-sky research, but if it works, it will}},
  author={Tristram, Claire},
  journal={Technology Review-Palm Coast},
  volume={106},
  number={7},
  pages={54--63},
  year={2003},
  publisher={Cambridge, MA: Association of Alumni and Alumnae of the Massachusetts Institute of Technology, c1998-}
}

@ELECTRONIC{AMD:2007:annualreport,
  title = {{{AMD} 2007 Annual Report and Form 10-K}},
  author = {Advanced Micro Devices Inc.},
  howpublished = {\url{http://media.corporate-ir.net/media_files/irol/74/74093/AMD_2007_Annual_Report_10-K.pdf}},
  institution = {Advanced Micro Devices Inc.},
  note = {Accessed: 2014-02-24 18:35},
  year = {2014}
}

@article{norman:2004:role,
  title={{The role of paradoxical logic in innovation: The case of Intel}},
  author={Norman, Patricia M and Palich, Leslie E and Livingstone, Linda Parrack and Carini, Gary R},
  journal={The Journal of High Technology Management Research},
  volume={15},
  number={1},
  pages={51--71},
  year={2004},
  publisher={Elsevier}
}

@article{lim:2004:relationship,
  title={The relationship between research and innovation in the semiconductor and pharmaceutical industries (1981--1997)},
  author={Lim, Kwanghui},
  journal={research Policy},
  volume={33},
  number={2},
  pages={287--321},
  year={2004},
  publisher={Elsevier}
}

@ELECTRONIC{Intel:2012:annualreport,
  title = {{{Intel} 2012 Annual Report and Form 10-K}},
  author = {Intel Corporation},
  howpublished = {\url{http://www.intc.com/intel-annual-report/2012/static/pdfs/Intel_2012_Annual_Report_and_Form_10-K.pdf}},
  institution = {Intel Corporation},
  note = {Accessed: 2014-02-24 19:35},
  year = {2014}
}

@book{jackson:1998:inside,
  title={{Inside Intel: Andy Grove and the rise of the world's most powerful chip company}},
  author={Jackson, Tim},
  year={1998},
  publisher={Dutton/Plume}
}

@article{fowder:2010:intel,
  title={{The Intel-AMD Antitrust Suits: Economic Issues and Implications}},
  author={Fowder, Lona},
  journal={Icarus},
  pages={29--32},
  year={2010}
}

@ELECTRONIC{ARM:2012:annualreport,
  title = {{{ARM} 2012 Annual Report \& Accounts}},
  author = {ARM Holdings},
  howpublished = {\url{http://ir.arm.com/phoenix.zhtml?c=197211&p=irol-reportsannual}},
  institution = {ARM Holdings},
  note = {Accessed: 2014-02-24 22:35},
  year = {2014}
}
%%%%%%%%%%%%%%%%%%%%%%%%%%%%%%%%%%%%%%%%%%%%%%%%
